% This file was created with JabRef 2.7b.
% Encoding: UTF-8

@ARTICLE{example,
  author = {Author Name},
  title = {Title of the Article},
  journal = {Journal},
  year = {2014}
}


@MANUAL{can2spec,
	author = {Robert Bosch Gmbh},
	title = {CAN Specification 2.0 },
	year = {1991}
}

@BOOK{canbook1,
	author = {Natale, Marco Di; Zeng, Haibo; Giusto, Paolo},
	title = {Understanding and Using the Controller Area Network Communication Protocol},
	publisher = {Springer Science+Business Media, LLC},
	year = {2012},
	month = jan,
	isbn = {9781461403142}
}

@MISC{vector:2012:online,
	author = {Vector Informatik GmbH},
	title = {Controller Area Network (CAN) - The CAN Protocol},
	HOWPUBLISHED = "Website",
	year = {2010},
	NOTE = 		 "Available online at
	              \url{http://www.vector.com/vi_controller_area_network_en.html};
	              visited on May 10th 2012."
}

@TECHREPORT{can-florian-rathgeber,
	author = {Florian Rathgeber},
	title = {CAN - Controller Area Network},
	institution = {Friedrich-Alexander-Universität Erlangen-Nürnberg},
	year = {2007},
	month = {May},
}

@MANUAL{can2spec,
	author = {Robert Bosch Gmbh},
	title = {CAN Specification 2.0 },
	year = {1991}
}

@BOOK{canbook1,
	author = {Natale, Marco Di; Zeng, Haibo; Giusto, Paolo},
	title = {Understanding and Using the Controller Area Network Communication Protocol},
	publisher = {Springer Science+Business Media, LLC},
	year = {2012},
	month = jan,
	isbn = {9781461403142}
}

@MISC{vector:2012:online,
	author = {Vector Informatik GmbH},
	title = {Controller Area Network (CAN) - The CAN Protocol},
	HOWPUBLISHED = "Website",
	year = {2010},
	NOTE = 		 "Available online at
	              \url{http://www.vector.com/vi_controller_area_network_en.html};
	              visited on May 10th 2012."
}

@TECHREPORT{sae-classes,
	author = {Christopher A. Lupini, Delphi Corporation},
	title = {In-Vehicle Networking Technology for 2010 and Beyond},
	institution = {SAE International},
	year = {2010},
	month = {Dec},
}

@CONFERENCE{canfd-conference,
	author = {Florian Hartwich},
	title = {CAN with Flexible Data-Rate},
	booktitle = {13. International CAN Conference 2012},
	organization= {Robert Bosch GmbH},
	year = {2012},
}


@comment{jabref-meta: selector_publisher:}

@comment{jabref-meta: selector_author:}

@comment{jabref-meta: selector_journal:}

@comment{jabref-meta: selector_keywords:}

